@book{1,
author = {Bowman, C. and Aubrecht, G. J. and Hsu, L. and Henderson, C. and McCullough, L.},
publisher = {AIP Conference Proceedings},
title = {Voltage is the Most Difficult Subject for Students in Physics by Inquiry's Electric Circuits Module},
year = {2007},
doi = {http://dx.doi.org/10.1063/1.2820947},
}

@article{2,
author = {Noran, O.},
journal = {Proceedings of the Australasian Computer Science Week Multiconference},
month = {2},
title = {On gamification in action learning},
year = {2016},
doi = {http://dx.doi.org/10.1145/2843043.2843344},
}

@article{3,
author = {MacMillan, D.},
month = {1},
title = {“Gamification”: A growing business to. Bloomberg.},
year = {2011},
url = {https://www.bloomberg.com/news/articles/2011-01-invigorate stale websites19/gamification-a-growing-business-to-invigorate-stale-websites?leadSource=uverify},
}

@article{4,
author = {Foerde, K. and Shohamy, D.},
journal = {Neurobiology of Learning and Memory},
pages = {624–636},
title = {The role of the basal ganglia in learning and memory: Insight from Parkinson’s disease},
year = {2011},
url = {https://doi.org/10.1016/j.nlm.2011.08.006},
}

@article{5,
author = {Apostolopoulos, A.},
journal = {TalentLMS Blog},
month = {8},
title = {Gamification at Work: Thesurvey results},
year = {2019},
url = {https://www.talentlms.com/blog/gamification-survey-results/},
}

@book{6,
author = {Kim, S. and Song, K. and Lockee, B. and Burton, J.},
publisher = {Springer International Publishing},
title = {Gamification in learning and education},
year = {2018},
doi = {http://dx.doi.org/10.1007/978-3-319-47283-6},
}

@article{7,
author = {Chitroda, H.},
journal = {KNOLSKAPE},
month = {06},
title = {A brief history on gamification.},
year = {2015},
url = {https://knolskape.com/blog/brief-history-gamification/},
}

@article{8,
author = {Ryan, R.M. and Deci, EL},
journal = {New York, NY : Guilford Press. Revue Québécoise de Psychologie},
pages = {231},
title = {Self-determination theory. Basic psychological needs in motivation, development and wellness.},
year = {2017},
doi = {https://doi.org/10.7202/1041847ar},
}

@book{9,
author = {Walz, S. P. and Deterding, S.},
publisher = {MIT Press},
title = {The gameful world: Approaches, issues, applications},
year = {2015},
}

@article{10,
author = {Aleksic-Maslac, K. and Rasic, M. and Vranesic, P.},
journal = {2018 41st International Convention on Information and Communication Technology, Electronics and Microelectronics (MIPRO).},
month = {05},
title = {Influence of gamification on student motivation in the educational process in courses of different fields.},
year = {2018},
doi = {http://dx.doi.org/10.23919/mipro.2018.8400145},
}

@article{11,
author = {Aleem, Capretz \& Ahmed},
journal = {Journal of Software Engineering Research and Development},
pages = {1–30},
title = {Game development software engineering process life cycle: A systematic review},
volume = {4},
year = {2016},
url = {https://doi.org/10.1186/s40411-016-0032-7},
}

@article{12,
author = {Stefyn, N.},
journal = {CG Spectrum},
month = {05},
title = {How video games are made},
year = {2022},
url = {https://www.cgspectrum.com/blog/game-development-process},
}

@article{13,
author = {University, W. G.},
journal = {Western Governors University},
month = {10},
title = {Video game industry jobs: Designer or developer},
year = {2019},
url = {https://www.wgu.edu/blog/video-game-industry-jobs-designer-developer1910.html#close},
}

@book{14,
author = {Schell, J.},
edition = {second edition},
publisher = {A K PETERS},
title = {The Art of Game Design: A Book of Lenses},
year = {2017},
}

@article{15,
author = {Machinations},
journal = {Machinations},
title = {How to design a puzzle game},
year = {2022},
url = {https://machinations.io/articles/how-to-design-a-puzzle-game/},

}

@article{16,
author = {Bycer, J.},
journal = {Game Developer},
month = {08},
title = {A study into puzzle design},
year = {2018},
url = {https://www.gamedeveloper.com/design/a-study-into-puzzle-design},
}

@article{17,
author = {Bradbury, N. A.},
journal = {Advances in Physiology Education},
number = {4},
pages = {509–513},
title = {Attention span during lectures: 8 seconds, 10 minutes, or more?},
volume = {40},
year = {2016},
doi = {https://doi.org/10.1152/advan.00109.2016},
}

@article{18,
author = {Fino, M. H.},
journal = {2018 3rd International Conference of the Portuguese Society for Engineering Education (CISPEE)},
month = {06},
title = {Challenges in teaching electrical circuit analysis to millennials},
year = {2018},
doi = {http://dx.doi.org/10.1109/cispee.2018.8593460},
}

@book{19,
author = {Chall, J. S. and Conard, S. S.},
publisher = {Teachers College Press},
title = {Should textbooks challenge students?: The case for easier or harder textbooks},
year = {1991},
}

@article{20,
author = {Sangam, D. and Jesiek, B. K.},
journal = {IEEE Transactions on Education},
number = {3},
pages = {194–202},
title = {Conceptual gaps in circuits textbooks: A comparative study},
volume = {58},
year = {2015},
doi = {https://doi.org/10.1109/te.2014.2358575},
}

@article{21,
author = {Bayrak, B. and Kanli, U.\& ingeç, şebnem.},
month = {01},
title = {To compare the effects of computer based learning and the laboratory based learning on students achievement regarding electric circuits},
year = {2017},
url = {https://www.researchgate.net/publication/234753127_To_Compare_the_Effects_of_Computer_Based_Learning_and_the_Laboratory_Based_Learning_on_Students’_Achievement_Regarding_Electric_Circuits},
}

@article{22,
author = {Jaakkola, T. and Nurmi, S. and Veermans, K.},
journal = {Journal of Research in Science Teaching},
number = {1},
pages = {71–93},
title = {A comparison of students’ conceptual understanding of electric circuits in simulation only and simulation-laboratory contexts},
volume = {48},
year = {2010},
doi = {https://doi.org/10.1002/tea.20386},
}

@book{23,
author = {Alasdoon, A. and Prasad, P. and Beg, A. and Chan, A.},
publisher = {Charles Sturt University Research Output},
title = {A recent survey of circuit design tools for teaching},
year = {2013},
url = {https://researchoutput.csu.edu.au/en/publications/a-recent-survey-of-circuit-design-tools-for-teaching},
}

@article{24,
author = {Ekmekci, A. and Gulacar, O.},
journal = {EURASIA Journal of Mathematics, Science and Technology Education},
pages = {4},
title = {A case study for comparing the effectiveness of a computer simulation and a hands-on activity on learning electric circuits},
volume = {11},
year = {2015},
url = {https://doi.org/10.12973/eurasia.2015.1438a},
}

@article{25,
author = {Kollöffel, B. and de Jong, T.},
journal = {Journal of Engineering Education},
number = {3},
pages = {375–393},
title = {Conceptual understanding of electrical circuits in secondary vocational engineering education: Combining traditional instruction with inquiry learning in a virtual lab},
volume = {102},
year = {2013},
doi = {https://doi.org/10.1002/jee.20022},
}

@article{26,
author = {Viamonte, A. J. and Figueiredo, I. P.},
journal = {Archive Ouverte HAL},
month = {02},
title = {Gamification with Moodle in higher education},
year = {2019},
url = {https://hal.archives-ouvertes.fr/hal-02410444},
}

@book{27,
address = {In Advances in Intelligent Systems and Computing (pp. 657–662).},
author = {Burgos, V. and Guevara, C. and Espinosa, L.},
publisher = {Springer International Publishing},
title = {Electric circuit simulator applying augmented reality and gamification},
year = {2021},
doi = {http://dx.doi.org/10.1007/978-3-030-68017-6_97},
}

@article{28,
author = {Adams, S.},
journal = {Forbes},
month = {07},
title = {Game of Tongues: How Duolingo built A \$ 700 million business with its addictive language-learning app.},
year = {2019},
url = {https://www.forbes.com/sites/susanadams/2019/07/16/game-of-tongues-how-duolingo-built-a-700-million-business-with-its-addictive-language-learning-app/?sh=422e1dd13463},
}

@article{29,
author = {Ajisoko, P.},
journal = {International Journal of Emerging Technologies in Learning (IJET)},
number = {07},
pages = {149},
title = {The use of duolingo apps to improve English vocabulary learning},
volume = {15},
year = {2020},
doi = {https://doi.org/10.3991/ijet.v15i07.13229},
}

@book{30,
author = {Korotetskaya, Lyubov},
title = {Success of Luden.io game-simulator of machine learning.},
year = {2018},
url = {https://sk.ru/news/success-of-ludenio-gamesimulator-of-machine-learning-engineer-surpassed-all-expectations/},
}

@article{31,
author = {Pham, Anh},
journal = {International Journal of Emerging Technologies in Learning (iJET).},
pages = {54-63},
title = {University Students’ Perceptions on the Use of Quizlet in Learning Vocabulary},
year = {2022},
doi = {10.3991/ijet.v17i07.29073},
}

@article{32,
author = {Shvets, Alexander},
month = {1},
title = {Refactoring Guru},
year = {2014},
url = {https://refactoring.guru/},
}